@inproceedings{leapBad,
 author = {Potter, Leigh Ellen and Araullo, Jake and Carter, Lewis},
 title = {The Leap Motion Controller: A View on Sign Language},
 booktitle = {Proceedings of the 25th Australian Computer-Human Interaction Conference: Augmentation, Application, Innovation, Collaboration},
 series = {OzCHI '13},
 year = {2013},
 isbn = {978-1-4503-2525-7},
 location = {Adelaide, Australia},
 pages = {175--178},
 numpages = {4},
 url = {http://doi.acm.org/10.1145/2541016.2541072},
 doi = {10.1145/2541016.2541072},
 acmid = {2541072},
 publisher = {ACM},
 address = {New York, NY, USA},
 keywords = {deaf children, gesture recognition, leap motion, sign language},
} 
@MISC{markov,
    author = {Thad E. Starner and Alex Pentland},
    title = {Visual Recognition of American Sign Language Using Hidden Markov Models},
    year = {1995}
}
@ARTICLE{glove, 
author={Starner, T. and Weaver, J. and Pentland, A.}, 
journal={Pattern Analysis and Machine Intelligence, IEEE Transactions on}, 
title={Real-time American sign language recognition using desk and wearable computer based video}, 
year={1998}, 
month={Dec}, 
volume={20}, 
number={12}, 
pages={1371-1375}, 
keywords={computer vision;handicapped aids;hidden Markov models;motion estimation;pattern recognition;real-time systems;American sign language recognition;computer vision;gesture recognition;hidden Markov model;motion analysis;pattern recognition;real-time systems;Cameras;Computer Society;Computer vision;Face recognition;Handicapped aids;Hidden Markov models;Pattern recognition;Real time systems;Speech recognition;Wearable computers}, 
doi={10.1109/34.735811}, 
ISSN={0162-8828},}
@inproceedings{kinect,
 author = {Zafrulla, Zahoor and Brashear, Helene and Starner, Thad and Hamilton, Harley and Presti, Peter},
 title = {American Sign Language Recognition with the Kinect},
 booktitle = {Proceedings of the 13th International Conference on Multimodal Interfaces},
 series = {ICMI '11},
 year = {2011},
 isbn = {978-1-4503-0641-6},
 location = {Alicante, Spain},
 pages = {279--286},
 numpages = {8},
 url = {http://doi.acm.org/10.1145/2070481.2070532},
 doi = {10.1145/2070481.2070532},
 acmid = {2070532},
 publisher = {ACM},
 address = {New York, NY, USA},
 keywords = {educational games, microsoft kinect, sign language verification},
} 
@inproceedings{wisc,
 author = {Melgarejo, Pedro and Zhang, Xinyu and Ramanathan, Parameswaran and Chu, David},
 title = {Leveraging Directional Antenna Capabilities for Fine-grained Gesture Recognition},
 booktitle = {Proceedings of the 2014 ACM International Joint Conference on Pervasive and Ubiquitous Computing},
 series = {UbiComp '14},
 year = {2014},
 isbn = {978-1-4503-2968-2},
 location = {Seattle, Washington},
 pages = {541--551},
 numpages = {11},
 url = {http://doi.acm.org/10.1145/2632048.2632095},
 doi = {10.1145/2632048.2632095},
 acmid = {2632095},
 publisher = {ACM},
 address = {New York, NY, USA},
 keywords = {gestures recognition, wireless},
} 
@INPROCEEDINGS{leapGood, 
author={Mohandes, M. and Aliyu, S. and Deriche, M.}, 
booktitle={Industrial Electronics (ISIE), 2014 IEEE 23rd International Symposium on}, 
title={Arabic sign language recognition using the leap motion controller}, 
year={2014}, 
month={June}, 
pages={960-965}, 
keywords={data gloves;feature extraction;image classification;image sequences;multilayer perceptrons;sign language recognition;ArSLR;Arabic sign alphabets;Arabic sign language recognition;LMC;MLP neural networks;classification accuracy;classification stage;electronic gloves;feature extraction stage;finger articulations;hand articulations;image sequences;image-based systems;leap motion controller;motion information;multilayer perceptron;naive Bayes classifier;position information;preprocessing stage;sensor-based systems;Accuracy;Assistive technology;Equations;Feature extraction;Gesture recognition;Neurons;Vectors;Arabic sign langauge recognition;electronic glove;finger articulation;image-based system;leap motion controller}, 
doi={10.1109/ISIE.2014.6864742},}
@misc{startup,
  title = {MotionSavvy},
  howpublished = {\url{http://motionsavvy.com}},
  note = {Accessed: 2014-11-08}
}

